T00322100110730006634130011901011901311901312151    83854323     181231+000000000000190497000010EURK{ytt|tili                    000000000000000000SOTAHUUTO-YHDISTYS RY              Nordea Bank Oyj, Y-tunnus 2858394-9     1544 BB Online Customers                                              FI7311073000663413 NDEAFIHH   
T10188000001190104258883D426631901041901041901042730Palvelumaksu                       -000000000000000680 JNORDEA                             J                                            
T1128800Konekielinen tiliote               110730-663413                      Tiliote, TITO                    *)      1 kpl a    0,800 e       0,80Verkkopankkisopimus/yritys         Liittym{maksu                    *)      1 kpl a    6,000 e       6,00*) alv rek. 0%                     
T110780601.12.-31.12.2018                                                     
T40050190104+000000000000189817+000000000000189817
T50067119010400000000+00000000000000000000000001-000000000000000680
T50067219010400000000+00000000000000000000000001-000000000000000680
T50067319010400000000+00000000000000000000000000-000000000000000680
T50067419010400000000+00000000000000000000000000-000000000000000680
T70329200Tilill{ olevat varat kuuluvat Suomen talletussuojan piiriin laissa              s{{detyss{ laajuudessa. Lis{tietoja: nordea.fi/talletussuoja,                   Nordea 24/7 tai pankin konttorista.                                                                                                                             
T00322100110730006634130021902011902281902282149    83854323     190131+000000000000189817000094EURK{ytt|tili                    000000000000000000SOTAHUUTO-YHDISTYS RY              Nordea Bank Oyj, Y-tunnus 2858394-9     1544 BB Online Customers                                              FI7311073000663413 NDEAFIHH   
T101880000011902042584OC2486251902041902041902041710Viitemaksu                         +000000000000002000  YHDISTYKSEN NIMI           J               00000000000100001608         
T1132311201902048E9212520658                                                                                                                                                                                                                                                                    SCT2B7ZWMLV3E1R                    
T40050190204+000000000000191817+000000000000000000
T50067119020400000001+00000000000000200000000000+000000000000000000
T10188000002190205258883D420541902051902051902052730Palvelumaksu                       -000000000000000680 JNORDEA                             J                                            
T1128800Konekielinen tiliote               110730-663413                      Tiliote, TITO                    *)      1 kpl a    0,800 e       0,80Verkkopankkisopimus/yritys         Liittym{maksu                    *)      1 kpl a    6,000 e       6,00*) alv rek. 0%                     
T110780601.01.-31.01.2019                                                     
T40050190205+000000000000191137+000000000000000000
T50067119020500000000+00000000000000000000000001-000000000000000680
T101880000031902062584OC1699921902061902061902051710Viitemaksu                         +000000000000039000  NIMI NIMI NIMI                 J               00000000000100008054         
T1132311NOTPROVIDED                                                                                                                                                                                                                                                                             20190205MPAOKI-201902055936192V8280
T101880000041902062584OC1772341902061902061902051710Viitemaksu                         +000000000000001500  NIMI NIMI NIMI                 J               00000000000100008054         
T1132311NOTPROVIDED                                                                                                                                                                                                                                                                             20190205MPAOKI-201902055936192W0736
T40050190206+000000000000231637+000000000000000000
T50067119020600000002+00000000000004050000000000+000000000000000000